[gd_scene load_steps=5 format=2]

[ext_resource path="res://textBox_styleBox.tres" type="StyleBox" id=1]
[ext_resource path="res://src/main/pauseMenu/MainMenuController.gd" type="Script" id=2]
[ext_resource path="res://src/components/BaseMenu.tscn" type="PackedScene" id=3]
[ext_resource path="res://src/components/BasicLabel.tscn" type="PackedScene" id=4]

[node name="Node2D" type="Node2D"]

[node name="PanelContainer" type="PanelContainer" parent="."]
margin_right = 160.0
margin_bottom = 48.0
custom_styles/panel = ExtResource( 1 )

[node name="MainMenu" type="Node2D" parent="."]
script = ExtResource( 2 )

[node name="MainMenu" parent="MainMenu" instance=ExtResource( 3 )]
margin_left = 0.0
margin_top = 48.0
margin_right = 72.0
margin_bottom = 96.0

[node name="VBoxContainer" parent="MainMenu/MainMenu" index="0"]
margin_right = 64.0
margin_bottom = 40.0

[node name="Characters" parent="MainMenu/MainMenu/VBoxContainer" index="0" instance=ExtResource( 4 )]
margin_right = 56.0
text = "heros"
command = "heros"

[node name="Options" parent="MainMenu/MainMenu/VBoxContainer" index="1" instance=ExtResource( 4 )]
margin_top = 8.0
margin_right = 56.0
margin_bottom = 16.0
rect_pivot_offset = Vector2( -187.395, -59.5679 )
text = "options"
command = "options"

[node name="Save" parent="MainMenu/MainMenu/VBoxContainer" index="2" instance=ExtResource( 4 )]
margin_top = 16.0
margin_right = 56.0
margin_bottom = 24.0
rect_pivot_offset = Vector2( -187.395, -59.5679 )
text = "save"
command = "save"

[node name="Quit" parent="MainMenu/MainMenu/VBoxContainer" index="3" instance=ExtResource( 4 )]
margin_top = 24.0
margin_right = 56.0
margin_bottom = 32.0
rect_pivot_offset = Vector2( -187.395, -59.5679 )
text = "quit"
command = "quit"
[connection signal="menu_item_selected" from="MainMenu/MainMenu" to="MainMenu" method="_on_MainMenu_menu_item_selected"]

[editable path="MainMenu/MainMenu"]
