[gd_resource type="SpriteFrames" load_steps=9 format=2]

[ext_resource path="res://resources/images/sheets/player/walk-down-0.png" type="Texture" id=1]
[ext_resource path="res://resources/images/sheets/player/walk-left-0.png" type="Texture" id=2]
[ext_resource path="res://resources/images/sheets/player/walk-right-0.png" type="Texture" id=3]
[ext_resource path="res://resources/images/sheets/player/walk-right-1.png" type="Texture" id=4]
[ext_resource path="res://resources/images/sheets/player/walk-down-1.png" type="Texture" id=5]
[ext_resource path="res://resources/images/sheets/player/walk-up-0.png" type="Texture" id=6]
[ext_resource path="res://resources/images/sheets/player/walk-left-1.png" type="Texture" id=7]
[ext_resource path="res://resources/images/sheets/player/walk-up-1.png" type="Texture" id=8]

[resource]
animations = [ {
"frames": [ ExtResource( 1 ) ],
"loop": true,
"name": "default",
"speed": 5.0
}, {
"frames": [ ExtResource( 2 ) ],
"loop": true,
"name": "stand-left",
"speed": 5.0
}, {
"frames": [ ExtResource( 3 ), ExtResource( 4 ) ],
"loop": true,
"name": "walk-right",
"speed": 5.0
}, {
"frames": [ ExtResource( 1 ) ],
"loop": true,
"name": "stand-down",
"speed": 5.0
}, {
"frames": [ ExtResource( 1 ), ExtResource( 5 ) ],
"loop": true,
"name": "walk-down",
"speed": 5.0
}, {
"frames": [ ExtResource( 3 ) ],
"loop": true,
"name": "stand-right",
"speed": 5.0
}, {
"frames": [ ExtResource( 6 ) ],
"loop": true,
"name": "stand-up",
"speed": 5.0
}, {
"frames": [ ExtResource( 2 ), ExtResource( 7 ) ],
"loop": true,
"name": "walk-left",
"speed": 5.0
}, {
"frames": [ ExtResource( 6 ), ExtResource( 8 ) ],
"loop": true,
"name": "walk-up",
"speed": 5.0
} ]
